@article{subkhankulova2023zebrafish,
  title={Zebrafish pigment cells develop directly from persistent highly multipotent progenitors},
  author={Subkhankulova, Tatiana and Camargo Sosa, Karen and Uroshlev, Leonid A and Nikaido, Masataka and Shriever, Noah and Kasianov, Artem S and Yang, Xueyan and Rodrigues, Frederico SLM and Carney, Thomas J and Bavister, Gemma and Schwetlick, Hartmut and Dawes, Jonathan H P and Rocco, Andrea and Makeev, Vsevolod J and Kelsh, Robert N.},
  journal={Nature Communications},
  volume={14},
  number={1},
  pages={1258},
  year={2023},
  publisher={Nature Publishing Group UK London}
}

@article{saunders2023embryo,
  title={Embryo-scale reverse genetics at single-cell resolution},
  author={Saunders, Lauren M and Srivatsan, Sanjay R and Duran, Madeleine and Dorrity, Michael W and Ewing, Brent and Linbo, Tor H and Shendure, Jay and Raible, David W and Moens, Cecilia B and Kimelman, David and others},
  journal={Nature},
  volume={623},
  number={7988},
  pages={782--791},
  year={2023},
  publisher={Nature Publishing Group UK London}
}

@article{fabian2022lifelong,
  title={Lifelong single-cell profiling of cranial neural crest diversification in zebrafish},
  author={Fabian, Peter and Tseng, Kuo-Chang and Thiruppathy, Mathi and Arata, Claire and Chen, Hung-Jhen and Smeeton, Joanna and Nelson, Nellie and Crump, J Gage},
  journal={Nature communications},
  volume={13},
  number={1},
  pages={13},
  year={2022},
  publisher={Nature Publishing Group UK London}
}

@article{saunders2019thyroid,
  title={Thyroid hormone regulates distinct paths to maturation in pigment cell lineages},
  author={Saunders, Lauren M and Mishra, Abhishek K and Aman, Andrew J and Lewis, Victor M and Toomey, Matthew B and Packer, Jonathan S and Qiu, Xiaojie and McFaline-Figueroa, Jose L and Corbo, Joseph C and Trapnell, Cole and others},
  journal={Elife},
  volume={8},
  pages={e45181},
  year={2019},
  publisher={eLife Sciences Publications, Ltd}
}

@article{stuart2019comprehensive,
  title={Comprehensive integration of single-cell data},
  author={Stuart, Tim and Butler, Andrew and Hoffman, Paul and Hafemeister, Christoph and Papalexi, Efthymia and Mauck, William M and Hao, Yuhan and Stoeckius, Marlon and Smibert, Peter and Satija, Rahul},
  journal={cell},
  volume={177},
  number={7},
  pages={1888--1902},
  year={2019},
  publisher={Elsevier}
}

@article{qiu2017reversed,
  title={Reversed graph embedding resolves complex single-cell trajectories},
  author={Qiu, Xiaojie and Mao, Qi and Tang, Ying and Wang, Li and Chawla, Raghav and Pliner, Hannah A and Trapnell, Cole},
  journal={Nature methods},
  volume={14},
  number={10},
  pages={979--982},
  year={2017},
  publisher={Nature Publishing Group UK London}
}

@article{street2018slingshot,
  title={Slingshot: cell lineage and pseudotime inference for single-cell transcriptomics},
  author={Street, Kelly and Risso, Davide and Fletcher, Russell B and Das, Diya and Ngai, John and Yosef, Nir and Purdom, Elizabeth and Dudoit, Sandrine},
  journal={BMC genomics},
  volume={19},
  pages={1--16},
  year={2018},
  publisher={Springer}
}

@article{sur2023single,
  title={Single-cell analysis of shared signatures and transcriptional diversity during zebrafish development},
  author={Sur, Abhinav and Wang, Yiqun and Capar, Paulina and Margolin, Gennady and Prochaska, Morgan Kathleen and Farrell, Jeffrey A},
  journal={Developmental Cell},
  volume={58},
  number={24},
  pages={3028--3047},
  year={2023},
  publisher={Elsevier}
}

@article{srivatsan2020massively,
  title={Massively multiplex chemical transcriptomics at single-cell resolution},
  author={Srivatsan, Sanjay R and McFaline-Figueroa, Jos{\'e} L and Ramani, Vijay and Saunders, Lauren and Cao, Junyue and Packer, Jonathan and Pliner, Hannah A and Jackson, Dana L and Christiansen, Lena and others},
  journal={Science},
  volume={367},
  number={6473},
  pages={45--51},
  year={2020},
  publisher={American Association for the Advancement of Science}
}

@article{phipson2022propeller,
  title={propeller: testing for differences in cell type proportions in single cell data},
  author={Phipson, Belinda and Sim, Choon Boon and Porrello, Enzo R and Hewitt, Alex W and Powell, Joseph and Oshlack, Alicia},
  journal={Bioinformatics},
  volume={38},
  number={20},
  pages={4720--4726},
  year={2022},
  publisher={Oxford University Press}
}

@article{vermeiren2020vertebrate,
  title={Vertebrate sensory ganglia: common and divergent features of the transcriptional programs generating their functional specialization},
  author={Vermeiren, Simon and Bellefroid, Eric J and Desiderio, Simon},
  journal={Frontiers in Cell and Developmental Biology},
  volume={8},
  pages={587699},
  year={2020},
  publisher={Frontiers Media SA}
}

@article{howard2021atlas,
  title={An atlas of neural crest lineages along the posterior developing zebrafish at single-cell resolution},
  author={Howard IV, Aubrey GA and Baker, Phillip A and Ibarra-Garc{\'\i}a-Padilla, Rodrigo and Moore, Joshua A and Rivas, Lucia J and Tallman, James J and Singleton, Eileen W and Westheimer, Jessa L and Corteguera, Julia A and Uribe, Rosa A},
  journal={Elife},
  volume={10},
  pages={e60005},
  year={2021},
  publisher={eLife Sciences Publications, Ltd}
}

@article{kenny2022tfap2,
  title={TFAP2 paralogs facilitate chromatin access for MITF at pigmentation and cell proliferation genes},
  author={Kenny, Colin and Dilshat, Ramile and Seberg, Hannah E and Van Otterloo, Eric and Bonde, Gregory and Helverson, Annika and Franke, Christopher M and Steingr{\'\i}msson, Eir{\'\i}kur and Cornell, Robert A},
  journal={PLoS genetics},
  volume={18},
  number={5},
  pages={e1010207},
  year={2022},
  publisher={Public Library of Science San Francisco, CA USA}
}

@article{nayak2021hitchhiker,
  title={A hitchhiker's guide to single-cell transcriptomics and data analysis pipelines},
  author={Nayak, Richa and Hasija, Yasha},
  journal={Genomics},
  volume={113},
  number={2},
  pages={606--619},
  year={2021},
  publisher={Elsevier}
}

@article{kulkarni2019beyond,
  title={Beyond bulk: a review of single cell transcriptomics methodologies and applications},
  author={Kulkarni, Ashwinikumar and Anderson, Ashley G and Merullo, Devin P and Konopka, Genevieve},
  journal={Current opinion in biotechnology},
  volume={58},
  pages={129--136},
  year={2019},
  publisher={Elsevier}
}